{
  "leader": "02843cam a2200625 i 4500",
  "fields": [
    {
      "001": "ocm01935735\\"
    },
    {
      "003": "OCoLC"
    },
    {
      "005": "20220105152330.0"
    },
    {
      "008": "760129s1975\\\\\\\\nyu\\\\\\\\\\\\b\\\\\\\\000\\0\\eng\\\\"
    },
    {
      "007": "ta"
    },
    {
      "010": {
        "ind1": "\\",
        "ind2": "\\",
        "subfields": [
          {
            "a": "   75027167 "
          }
        ]
      }
    },
    {
      "040": {
        "ind1": "\\",
        "ind2": "\\",
        "subfields": [
          {
            "a": "DLC"
          },
          {
            "b": "eng"
          },
          {
            "c": "DLC"
          },
          {
            "d": "FNU"
          },
          {
            "d": "EL{dollar}"
          },
          {
            "d": "MUQ"
          },
          {
            "d": "BAKER"
          },
          {
            "d": "NLGGC"
          },
          {
            "d": "OCLCQ"
          },
          {
            "d": "YDXCP"
          },
          {
            "d": "OCLCG"
          },
          {
            "d": "CUY"
          },
          {
            "d": "AU@"
          },
          {
            "d": "NIALS"
          },
          {
            "d": "GEBAY"
          },
          {
            "d": "OCLCQ"
          },
          {
            "d": "BDX"
          },
          {
            "d": "GBVCP"
          },
          {
            "d": "HUA"
          },
          {
            "d": "OCLCO"
          },
          {
            "d": "OCLCF"
          },
          {
            "d": "OCLCQ"
          },
          {
            "d": "OCLCO"
          },
          {
            "d": "OCL"
          },
          {
            "d": "DEBBG"
          },
          {
            "d": "AMAUA"
          },
          {
            "d": "OCLCA"
          },
          {
            "d": "NLC"
          },
          {
            "d": "UKUOY"
          },
          {
            "d": "TYC"
          },
          {
            "d": "OCLCQ"
          },
          {
            "d": "CEF"
          },
          {
            "d": "TKN"
          },
          {
            "d": "CSO"
          },
          {
            "d": "MUO"
          },
          {
            "d": "GPRCL"
          },
          {
            "d": "FQG"
          },
          {
            "d": "OCLCQ"
          },
          {
            "d": "OCLCO"
          },
          {
            "d": "CNO"
          },
          {
            "d": "OCLCO"
          },
          {
            "d": "BGU"
          },
          {
            "d": "OCLCO"
          },
          {
            "d": "OCLCQ"
          },
          {
            "d": "OCLCO"
          },
          {
            "d": "CPO"
          },
          {
            "d": "CSA"
          },
          {
            "d": "VLW"
          },
          {
            "d": "EZC"
          },
          {
            "d": "LGG"
          },
          {
            "d": "QE2"
          },
          {
            "d": "OCLCQ"
          },
          {
            "d": "UWW"
          },
          {
            "d": "OCLCO"
          },
          {
            "d": "W2U"
          },
          {
            "d": "CBA"
          },
          {
            "d": "FIE"
          },
          {
            "d": "OCLCO"
          },
          {
            "d": "DKC"
          },
          {
            "d": "NZ1"
          },
          {
            "d": "CNTRU"
          },
          {
            "d": "BDP"
          },
          {
            "d": "GZW"
          },
          {
            "d": "TJC"
          },
          {
            "d": "NJT"
          },
          {
            "d": "UK5EZ"
          },
          {
            "d": "OCLCQ"
          },
          {
            "d": "OCLCO"
          },
          {
            "d": "OCLCA"
          },
          {
            "d": "U3G"
          },
          {
            "d": "NZWGA"
          },
          {
            "d": "CAOXN"
          },
          {
            "d": "MMM"
          },
          {
            "d": "OCLCO"
          }
        ]
      }
    },
    {
      "015": {
        "ind1": "\\",
        "ind2": "\\",
        "subfields": [
          {
            "a": "761532064"
          },
          {
            "2": "can"
          }
        ]
      }
    },
    {
      "016": {
        "ind1": "\\",
        "ind2": "\\",
        "subfields": [
          {
            "a": "(AMICUS)000000618704"
          }
        ]
      }
    },
    {
      "019": {
        "ind1": "\\",
        "ind2": "\\",
        "subfields": [
          {
            "a": "233533236"
          },
          {
            "a": "975298457"
          },
          {
            "a": "1006443701"
          },
          {
            "a": "1011516215"
          },
          {
            "a": "1122755831"
          },
          {
            "a": "1124523225"
          },
          {
            "a": "1166449390"
          },
          {
            "a": "1166500983"
          },
          {
            "a": "1243843756"
          }
        ]
      }
    },
    {
      "020": {
        "ind1": "\\",
        "ind2": "\\",
        "subfields": [
          {
            "a": "0814713645"
          }
        ]
      }
    },
    {
      "020": {
        "ind1": "\\",
        "ind2": "\\",
        "subfields": [
          {
            "a": "9780814713648"
          }
        ]
      }
    },
    {
      "020": {
        "ind1": "\\",
        "ind2": "\\",
        "subfields": [
          {
            "z": "0814713053"
          },
          {
            "q": "(pbk.)"
          }
        ]
      }
    },
    {
      "020": {
        "ind1": "\\",
        "ind2": "\\",
        "subfields": [
          {
            "a": "0814713653"
          }
        ]
      }
    },
    {
      "020": {
        "ind1": "\\",
        "ind2": "\\",
        "subfields": [
          {
            "a": "9780814713655"
          }
        ]
      }
    },
    {
      "020": {
        "ind1": "\\",
        "ind2": "\\",
        "subfields": [
          {
            "a": "9780814713051"
          },
          {
            "q": "(pbk)"
          }
        ]
      }
    },
    {
      "020": {
        "ind1": "\\",
        "ind2": "\\",
        "subfields": [
          {
            "a": "081471305X"
          }
        ]
      }
    },
    {
      "035": {
        "ind1": "\\",
        "ind2": "\\",
        "subfields": [
          {
            "a": "(OCoLC)1935735"
          },
          {
            "z": "(OCoLC)233533236"
          },
          {
            "z": "(OCoLC)975298457"
          },
          {
            "z": "(OCoLC)1006443701"
          },
          {
            "z": "(OCoLC)1011516215"
          },
          {
            "z": "(OCoLC)1122755831"
          },
          {
            "z": "(OCoLC)1124523225"
          },
          {
            "z": "(OCoLC)1166449390"
          },
          {
            "z": "(OCoLC)1166500983"
          },
          {
            "z": "(OCoLC)1243843756"
          }
        ]
      }
    },
    {
      "043": {
        "ind1": "\\",
        "ind2": "\\",
        "subfields": [
          {
            "a": "ew-----"
          },
          {
            "a": "n-us---"
          },
          {
            "a": "a-ja---"
          }
        ]
      }
    },
    {
      "050": {
        "ind1": "0",
        "ind2": "0",
        "subfields": [
          {
            "a": "JC421"
          },
          {
            "b": ".C86 1975"
          }
        ]
      }
    },
    {
      "055": {
        "ind1": "\\",
        "ind2": "0",
        "subfields": [
          {
            "a": "JC421"
          },
          {
            "b": ".C86"
          }
        ]
      }
    },
    {
      "072": {
        "ind1": "\\",
        "ind2": "7",
        "subfields": [
          {
            "a": "coll1"
          },
          {
            "2": "lacc"
          }
        ]
      }
    },
    {
      "082": {
        "ind1": "0",
        "ind2": "0",
        "subfields": [
          {
            "a": "321.8"
          },
          {
            "b": "CRO"
          }
        ]
      }
    },
    {
      "100": {
        "ind1": "1",
        "ind2": "\\",
        "subfields": [
          {
            "a": "Crozier, Michel."
          }
        ]
      }
    },
    {
      "245": {
        "ind1": "1",
        "ind2": "4",
        "subfields": [
          {
            "a": "The crisis of democracy :"
          },
          {
            "b": "report on the governability of democracies to the Trilateral Commission /"
          },
          {
            "c": "Michel Crozier, Samuel P. Huntington, Joji Watanuki."
          }
        ]
      }
    },
    {
      "260": {
        "ind1": "\\",
        "ind2": "\\",
        "subfields": [
          {
            "a": "[New York] :"
          },
          {
            "b": "New York University Press,"
          },
          {
            "c": "1975."
          }
        ]
      }
    },
    {
      "300": {
        "ind1": "\\",
        "ind2": "\\",
        "subfields": [
          {
            "a": "220 pages ;"
          },
          {
            "c": "21 cm"
          }
        ]
      }
    },
    {
      "336": {
        "ind1": "\\",
        "ind2": "\\",
        "subfields": [
          {
            "a": "text"
          },
          {
            "b": "txt"
          },
          {
            "2": "rdacontent"
          }
        ]
      }
    },
    {
      "337": {
        "ind1": "\\",
        "ind2": "\\",
        "subfields": [
          {
            "a": "unmediated"
          },
          {
            "b": "n"
          },
          {
            "2": "rdamedia"
          }
        ]
      }
    },
    {
      "338": {
        "ind1": "\\",
        "ind2": "\\",
        "subfields": [
          {
            "a": "volume"
          },
          {
            "b": "nc"
          },
          {
            "2": "rdacarrier"
          }
        ]
      }
    },
    {
      "490": {
        "ind1": "1",
        "ind2": "\\",
        "subfields": [
          {
            "a": "The Triangle papers ;"
          },
          {
            "v": "[8]"
          }
        ]
      }
    },
    {
      "504": {
        "ind1": "\\",
        "ind2": "\\",
        "subfields": [
          {
            "a": "Includes bibliographical references."
          }
        ]
      }
    },
    {
      "505": {
        "ind1": "2",
        "ind2": "\\",
        "subfields": [
          {
            "a": "Western Europe -- The United States -- Japan."
          }
        ]
      }
    },
    {
      "650": {
        "ind1": "\\",
        "ind2": "0",
        "subfields": [
          {
            "a": "Democracy."
          }
        ]
      }
    },
    {
      "651": {
        "ind1": "\\",
        "ind2": "0",
        "subfields": [
          {
            "a": "Europe"
          },
          {
            "x": "Politics and government."
          }
        ]
      }
    },
    {
      "651": {
        "ind1": "\\",
        "ind2": "0",
        "subfields": [
          {
            "a": "United States"
          },
          {
            "x": "Politics and government."
          }
        ]
      }
    },
    {
      "651": {
        "ind1": "\\",
        "ind2": "0",
        "subfields": [
          {
            "a": "Japan"
          },
          {
            "x": "Politics and government."
          }
        ]
      }
    },
    {
      "650": {
        "ind1": "\\",
        "ind2": "7",
        "subfields": [
          {
            "a": "Democracy."
          },
          {
            "2": "fast"
          },
          {
            "0": "(OCoLC)fst00890077"
          }
        ]
      }
    },
    {
      "650": {
        "ind1": "\\",
        "ind2": "7",
        "subfields": [
          {
            "a": "Politics and government"
          },
          {
            "2": "fast"
          },
          {
            "0": "(OCoLC)fst01919741"
          }
        ]
      }
    },
    {
      "651": {
        "ind1": "\\",
        "ind2": "7",
        "subfields": [
          {
            "a": "Europe."
          },
          {
            "2": "fast"
          },
          {
            "0": "(OCoLC)fst01245064"
          }
        ]
      }
    },
    {
      "651": {
        "ind1": "\\",
        "ind2": "7",
        "subfields": [
          {
            "a": "Japan."
          },
          {
            "2": "fast"
          },
          {
            "0": "(OCoLC)fst01204082"
          }
        ]
      }
    },
    {
      "651": {
        "ind1": "\\",
        "ind2": "7",
        "subfields": [
          {
            "a": "United States."
          },
          {
            "2": "fast"
          },
          {
            "0": "(OCoLC)fst01204155"
          }
        ]
      }
    },
    {
      "700": {
        "ind1": "1",
        "ind2": "\\",
        "subfields": [
          {
            "a": "Huntington, Samuel P.,"
          },
          {
            "e": "author."
          }
        ]
      }
    },
    {
      "700": {
        "ind1": "1",
        "ind2": "\\",
        "subfields": [
          {
            "a": "Watanuki, Jo\u0304ji,"
          },
          {
            "d": "1931-"
          },
          {
            "e": "author."
          }
        ]
      }
    },
    {
      "710": {
        "ind1": "2",
        "ind2": "\\",
        "subfields": [
          {
            "a": "Trilateral Commission."
          }
        ]
      }
    },
    {
      "830": {
        "ind1": "\\",
        "ind2": "0",
        "subfields": [
          {
            "a": "Triangle papers ;"
          },
          {
            "v": "8."
          }
        ]
      }
    },
    {
      "856": {
        "ind1": "4",
        "ind2": "2",
        "subfields": [
          {
            "3": "French equivalent / E\u0301quivalent franc\u0327ais"
          },
          {
            "u": "https://bac-lac.on.worldcat.org/oclc/300265636"
          }
        ]
      }
    },
    {
      "994": {
        "ind1": "\\",
        "ind2": "\\",
        "subfields": [
          {
            "a": "Z0"
          },
          {
            "b": "NYRVC"
          }
        ]
      }
    },
    {
      "948": {
        "ind1": "\\",
        "ind2": "\\",
        "subfields": [
          {
            "h": "NO HOLDINGS IN NYRVC - 756 OTHER HOLDINGS"
          }
        ]
      }
    },
    {
      "999": {
        "ind1": "\\",
        "ind2": "\\",
        "subfields": [
          {
            "a": "00000000018791"
          }
        ]
      }
    }
  ]
}